<record><leader>00000cas a22000007a 4500</leader><controlfield tag="001">9435039</controlfield><controlfield tag="008">830421d19831983inuwr ne      0   a0eng d</controlfield><datafield ind1=" " ind2=" " tag="010"><subfield code="a">sn 83007655 </subfield></datafield><datafield ind1=" " ind2=" " tag="040"><subfield code="a">NSD</subfield><subfield code="b">eng</subfield><subfield code="c">NSD</subfield><subfield code="d">NPI</subfield><subfield code="d">OCLCQ</subfield><subfield code="d">OCLCF</subfield><subfield code="d">OCLCO</subfield></datafield><datafield ind1=" " ind2=" " tag="012"><subfield code="m">d</subfield></datafield><datafield ind1="1" ind2=" " tag="022"><subfield code="a">0745-7669</subfield><subfield code="l">0745-7669</subfield><subfield code="2">1</subfield></datafield><datafield ind1="1" ind2=" " tag="029"><subfield code="a">AU@</subfield><subfield code="b">000020264305</subfield></datafield><datafield ind1=" " ind2=" " tag="042"><subfield code="a">nsdp</subfield></datafield><datafield ind1=" " ind2=" " tag="043"><subfield code="a">n-us-in</subfield></datafield><datafield ind1="0" ind2=" " tag="130"><subfield code="a">Community herald (Kokomo, Ind.)</subfield></datafield><datafield ind1=" " ind2="0" tag="222"><subfield code="a">Community herald</subfield><subfield code="b">(Kokomo, Ind.)</subfield></datafield><datafield ind1="1" ind2="0" tag="245"><subfield code="a">Community herald :</subfield><subfield code="b">CH.</subfield></datafield><datafield ind1="3" ind2="0" tag="246"><subfield code="a">CH</subfield></datafield><datafield ind1="3" ind2="0" tag="246"><subfield code="a">C.H.</subfield></datafield><datafield ind1=" " ind2=" " tag="260"><subfield code="a">Kokomo, Ind. :</subfield><subfield code="b">[Community Herald Pub.],</subfield><subfield code="c">1983.</subfield></datafield><datafield ind1=" " ind2=" " tag="300"><subfield code="a">1 v. :</subfield><subfield code="b">ill.</subfield></datafield><datafield ind1=" " ind2=" " tag="310"><subfield code="a">Weekly</subfield></datafield><datafield ind1="0" ind2=" " tag="362"><subfield code="a">Vol. 13, no. 1 (Mar. 31, 1983)-v. 13, no. 32 (Oct. 27, 1983).</subfield></datafield><datafield ind1=" " ind2="0" tag="651"><subfield code="a">Kokomo (Ind.)</subfield><subfield code="v">Newspapers.</subfield></datafield><datafield ind1=" " ind2="7" tag="655"><subfield code="a">Newspapers.</subfield><subfield code="2">fast</subfield><subfield code="0">(OCoLC)fst01423814</subfield></datafield><datafield ind1=" " ind2="7" tag="651"><subfield code="a">Indiana</subfield><subfield code="z">Kokomo.</subfield><subfield code="2">fast</subfield><subfield code="0">(OCoLC)fst01212580</subfield></datafield><datafield ind1=" " ind2=" " tag="752"><subfield code="a">United States</subfield><subfield code="b">Indiana</subfield><subfield code="c">Howard</subfield><subfield code="d">Kokomo.</subfield></datafield><datafield ind1="0" ind2="0" tag="780"><subfield code="t">Kokomo herald (Kokomo, Ind. : 1980)</subfield><subfield code="w">(DLC)sn 99063524</subfield></datafield><datafield ind1="0" ind2="0" tag="785"><subfield code="t">Herald newspaper (Kokomo, Ind. : 1983)</subfield><subfield code="w">(DLC)sn 99063525</subfield></datafield></record>